@article{Lees2007,
author = {Lees, Jonathan M.},
doi = {10.1016/j.jvolgeores.2007.06.008},
isbn = {0377-0273},
issn = {03770273},
journal = {Journal of Volcanology and Geothermal Research},
number = {1-4},
pages = {37--56},
title = {{Seismic tomography of magmatic systems}},
volume = {167},
year = {2007}
}
