@PhdThesis{mythesis,
  author =	 {K van Wijk},
  title =	 {Multiple scattering of surface waves},
  school =	 {Colorado School of Mines},
  url = {http://acoustics.mines.edu/preprints/thesis_kvw.pdf}, 
  year =	 2003
}

@article{scalesvanwijk01,
author = {J. A. Scales and K. van Wijk},
collaboration = {},
title = {Tunable multiple-scattering system},
publisher = {AIP},
year = {2001},
journal = {Applied Physics Letters},
volume = {79},
number = {14},
pages = {2294-2296},
keywords = {ultrasonic propagation; surface acoustic waves; 
ultrasonic scattering},
url = {http://link.aip.org/link/?APL/79/2294/1}
}

@book{glimm,
  author={J. Glimm and A. Jaffe},
  title={Quantum physics:  a functional integral point of view},
  publisher={Springer-Verlag},
  year=1987
}

@Unpublished{loops,
  author = 	 {M. Haney and R. K. Snieder},
  title = 	 {The breakdown of wave diffusion in {2D} due to loops},
  note = 	 {submitted to Phys. Rev. Lett.},
  year =	 2003
}
@InProceedings{mateeva01,
  author = 	 {A. A. Mateeva},
  title = 	 {Spectral footprint of intrabed multiples},
  booktitle = 	 {{CWP} Project Review},
  pages =	 {255-268},
  year =	 2001,
  volume =	 384,
  address =	 {Colorado School of Mines},
  organization = {Center for Wave Phenomena}
}